<?xml version="1.0" encoding="UTF-8"?><collection xmlns="http://www.loc.gov/MARC21/slim"><record><leader>00369nam--2200133-i-4500</leader><controlfield tag="001">000035404</controlfield><controlfield tag="002">20161230</controlfield><controlfield tag="005">20161230201040</controlfield><controlfield tag="008">060222s1000------------r-----000-0-eng-d</controlfield><datafield ind1=" " ind2=" " tag="100"><subfield code="a">Odquist, Folke K.G</subfield></datafield><datafield ind1=" " ind2=" " tag="245"><subfield code="a">Influence of primary creep on stresses in structural parts</subfield></datafield><datafield ind1=" " ind2=" " tag="260"><subfield code="a">Goteborf, Elanders, 1953, 18p</subfield></datafield><datafield ind1=" " ind2=" " tag="490"><subfield code="a">Kungl.Tekniska Hogskolands</subfield></datafield><datafield ind1=" " ind2=" " tag="852"><subfield code="a">3282</subfield></datafield></record></collection>